@book{dworkin2011justice,
  title={Justice for hedgehogs},
  author={Dworkin, Ronald},
  year={2011},
  publisher={Harvard University Press}
}